
@comment{ "$Header: /home/cvsroot/abntex/texmf/bibtex/bib/abntex/abnt-options.bib,v 1.18 2003/07/22 16:41:27 gweber Exp $"}
@ABNT-options{abnt-and-type=e,
 abnt-and-type="e",
 key="aaaa"}
@ABNT-options{abnt-and-type=&,
 abnt-and-type="&",
 key="aaaa"}
@ABNT-options{abnt-cite-style=AUTHORYEAR,
 abnt-cite-style="(AUTHOR, YEAR)",
 key="aaaa"}
@ABNT-options{abnt-cite-style=AuthorYEAR,
 abnt-cite-style="(Author, YEAR)",
 key="aaaa"}
@ABNT-options{abnt-doi=expand,
 abnt-doi="expand",
 key="aaaa"}
@ABNT-options{abnt-doi=link,
 abnt-doi="link",
 key="aaaa"}
@ABNT-options{abnt-doi=doi,
 abnt-doi="doi",
 key="aaaa"}
@ABNT-options{abnt-dont-use-etal=yes,
 abnt-etal-list=0,
 key="aaaa"}
@ABNT-options{abnt-dont-use-etal=no,
 abnt-etal-list=3,
 key="aaaa"}
@ABNT-options{abnt-emphasize=bf,
 abnt-emphasize="\textbf",
 key="aaaa"}
@ABNT-options{abnt-emphasize=em,
 abnt-emphasize="\emph",
 key="aaaa"}
@ABNT-options{abnt-etal-cite=0,
 abnt-etal-cite=0,
 key="aaaa"}
@ABNT-options{abnt-etal-cite=1,
 abnt-etal-cite=1,
 key="aaaa"}
@ABNT-options{abnt-etal-cite=2,
 abnt-etal-cite=2,
 key="aaaa"}
@ABNT-options{abnt-etal-cite=3,
 abnt-etal-cite=3,
 key="aaaa"}
@ABNT-options{abnt-etal-cite=4,
 abnt-etal-cite=4,
 key="aaaa"}
@ABNT-options{abnt-etal-cite=5,
 abnt-etal-cite=5,
 key="aaaa"}
@ABNT-options{abnt-etal-list=0,
 abnt-etal-list=0,
 key="aaaa"}
@ABNT-options{abnt-etal-list=1,
 abnt-etal-list=1,
 key="aaaa"}
@ABNT-options{abnt-etal-list=2,
 abnt-etal-list=2,
 key="aaaa"}
@ABNT-options{abnt-etal-list=3,
 abnt-etal-list=3,
 key="aaaa"}
@ABNT-options{abnt-etal-list=4,
 abnt-etal-list=4,
 key="aaaa"}
@ABNT-options{abnt-etal-list=5,
 abnt-etal-list=5,
 key="aaaa"}
@ABNT-options{abnt-etal-text=none,
 abnt-etal-text="",
 key="aaaa"}
@ABNT-options{abnt-etal-text=default,
 abnt-etal-text="et al.",
 key="aaaa"}
@ABNT-options{abnt-etal-text=emph,
 abnt-etal-text="\emph{et al.}",
 key="aaaa"}
@ABNT-options{abnt-etal-text=it,
 abnt-etal-text="\textit{et al.}",
 key="aaaa"}
@ABNT-options{abnt-experimental=yes,
 abnt-experimental="yes",
 key="aaaa"}
@ABNT-options{abnt-experimental=no,
 abnt-experimental="no",
 key="aaaa"}
@ABNT-options{abnt-full-initials=no,
 abnt-full-initials="no",
 key="aaaa"}
@ABNT-options{abnt-full-initials=yes,
 abnt-full-initials="yes",
 key="aaaa"}
@ABNT-options{abnt-last-names=abnt,
 abnt-last-names="abnt",
 key="aaaa"}
@ABNT-options{abnt-last-names=bibtex,
 abnt-last-names="bibtex",
 key="aaaa"}
@ABNT-options{abnt-ldots-type=normal,
 abnt-ldots-type="normal",
 key="aaaa"}
@ABNT-options{abnt-ldots-type=none,
 abnt-ldots-type="none",
 key="aaaa"}
@ABNT-options{abnt-ldots-type=math,
 abnt-ldots-type="math",
 key="aaaa"}
@ABNT-options{abnt-ldots-type=text,
 abnt-ldots-type="text",
 key="aaaa"}
@ABNT-options{abnt-missing-year=void,
 abnt-missing-year="void",
 key="aaaa"}
@ABNT-options{abnt-missing-year=sd,
 abnt-missing-year="sd",
 key="aaaa"}
@ABNT-options{abnt-nbr6023=2002,
 key="aaaa"}
@ABNT-options{abnt-nbr6023=2000,
 key="aaaa"}
@ABNT-options{abnt-nbr10520=2002,
 abnt-cite-style="(AUTHOR, YEAR)",
 abnt-and-type="e",
 key="aaaa"}
@ABNT-options{abnt-nbr10520=2001,
 abnt-cite-style="(AUTHOR, YEAR)",
 abnt-and-type="e",
 key="aaaa"}
@ABNT-options{abnt-nbr10520=1988,
 abnt-cite-style="(Author, YEAR)",
 abnt-and-type="&",
 key="aaaa"}
@ABNT-options{abnt-no-etal-label=yes,
 abnt-etal-text="et al.",
 key="aaaa"}
@ABNT-options{abnt-no-etal-label=no,
 abnt-etal-text="",
 key="aaaa"}
@ABNT-options{abnt-refinfo=yes,
 abnt-refinfo="yes",
 key="aaaa"}
@ABNT-options{abnt-refinfo=no,
 abnt-refinfo="no",
 key="aaaa"}
@ABNT-options{abnt-repeated-author-omit=no,
 abnt-repeated-author-omit="no",
 abnt-repeated-title-omit="no",
 key="aaaa"}
@ABNT-options{abnt-repeated-author-omit=yes,
 abnt-repeated-author-omit="yes",
 key="aaaa"}
@ABNT-options{abnt-repeated-title-omit=no,
 abnt-repeated-title-omit="no",
 key="aaaa"}
@ABNT-options{abnt-repeated-title-omit=yes,
 abnt-repeated-author-omit="yes",
 abnt-repeated-title-omit="yes",
 key="aaaa"}
@ABNT-options{abnt-show-options=no,
 abnt-show-options="no",
 key="aaaa"}
@ABNT-options{abnt-show-options=warn,
 abnt-show-options="warn",
 key="aaaa"}
@ABNT-options{abnt-show-options=list,
 abnt-show-options="list",
 key="aaaa"}
@ABNT-options{abnt-substyle=none,
 abnt-substyle="none",
 key="aaaa"}
@ABNT-options{abnt-substyle=UFLA,
 abnt-etal-cite=2,
 abnt-etal-list=0,
 abnt-and-type="&",
 key="aaaa"}
@ABNT-options{abnt-substyle=COPPE,
 abnt-title-command="yes",
 key="aaaa"}
@ABNT-options{abnt-thesis-year=final,
 abnt-thesis-year="final",
 key="aaaa"}
@ABNT-options{abnt-thesis-year=title,
 abnt-thesis-year="title",
 key="aaaa"}
@ABNT-options{abnt-thesis-year=both,
 abnt-thesis-year="both",
 key="aaaa"}
@ABNT-options{abnt-title-command=no,
 abnt-title-command="no",
 key="aaaa"}
@ABNT-options{abnt-title-command=yes,
 abnt-title-command="yes",
 key="aaaa"}
@ABNT-options{abnt-url-package=none,
 abnt-url-package="none",
 key="aaaa"}
@ABNT-options{abnt-url-package=url,
 abnt-url-package="url",
 key="aaaa"}
@ABNT-options{abnt-url-package=hyperref,
 abnt-url-package="hyperref",
 key="aaaa"}
@ABNT-options{abnt-verbatim-entry=no,
 abnt-verbatim-entry="no",
 key="aaaa"}
@ABNT-options{abnt-verbatim-entry=yes,
 abnt-verbatim-entry="yes",
 key="."}
@ISO-options{iso-690-1987,
 abnt-cite-style="(Author, YEAR)",
 iso-abbreviation="standard",
 iso-author-punctuation="void",
 iso-date-place="ISO",
 key="aaaa"}
 
%Minhas ReferÃªncias TCC
 @article{da2013analise,
  title={An{\'a}lise de sistemas de irriga{\c{c}}{\~a}o por aspers{\~a}o convencional no sul do estado do Esp{\'\i}rito Santo, Brasil. DOI: 10.7127/rbai. v5n300052},
  author={da Silva Martins, Camila Aparecida and dos Reis, Edvaldo Fialho and de Oliveira Garcia, Giovanni and Rigo, Michelle Machado and Araujo, Glaucio Luciano},
  journal={REVISTA BRASILEIRA DE AGRICULTURA IRRIGADA-RBAI},
  volume={5},
  number={3},
  year={2013}
}

@inproceedings{caporal2001agroecologia,
  title={Agroecologia e sustentabilidade. Base conceptual para uma nova Extens{\~a}o Rural},
  author={Caporal, Francisco Roberto and Costabeber, Jos{\'e} Ant{\^o}nio},
  booktitle={WORLD CONGRESS OF RURAL SOCIOLOGY},
  volume={10},
  pages={114--123},
  year={2001}
}

@article{de2016manejo,
  title={Manejo de a{\c{c}}aizais de grotas.},
  author={de QUEIROZ, JAL and MOCHIUTTI, S and SANTOS, J de A},
  journal={Embrapa Amap{\'a}-Comunicado T{\'e}cnico (INFOTECA-E)},
  year={2016},
  publisher={Macap{\'a}: Embrapa Amap{\'a}, 2015.}
}

@article{da2013analise,
  title={An{\'a}lise de sistemas de irriga{\c{c}}{\~a}o por aspers{\~a}o convencional no sul do estado do Esp{\'\i}rito Santo, Brasil. DOI: 10.7127/rbai. v5n300052},
  author={da Silva Martins, Camila Aparecida and dos Reis, Edvaldo Fialho and de Oliveira Garcia, Giovanni and Rigo, Michelle Machado and Araujo, Glaucio Luciano},
  journal={REVISTA BRASILEIRA DE AGRICULTURA IRRIGADA-RBAI},
  volume={5},
  number={3},
  year={2013}
}

@article{ribeiro2014pedologia,
  title={A pedologia e o planejamento da irriga{\c{c}}{\~a}o no Nordeste do Brasil: uma avalia{\c{c}}{\~a}o cr{\'\i}tica},
  author={Ribeiro, Mateus Rosas},
  journal={Anais da Academia Pernambucana de Ci{\^e}ncia Agron{\^o}mica},
  volume={4},
  pages={83--88},
  year={2014}
}

@article{urchei2000analise,
  title={An{\'a}lise de crescimento de duas cultivares de feijoeiro sob irriga{\c{c}}{\~a}o, em plantio direto e preparo convencional},
  author={Urchei, M{\'a}rio Artemio and Rodrigues, Joao Domingos and Stone, Lu{\'\i}s Fernando},
  journal={Pesquisa Agropecu{\'a}ria Brasileira},
  volume={35},
  number={3},
  pages={497--506},
  year={2000},
  publisher={SciELO Brasil}
}

@article{paz2002otimizaccao,
  title={Otimiza{\c{c}}{\~a}o do uso da {\'a}gua em sistemas de irriga{\c{c}}{\~a}o por aspers{\~a}o},
  author={Paz, Vital P da S and Frizzone, Jos{\'e} A and Botrel, Tarlei A and Folegatti, Marcos V},
  journal={Revista Brasileira de Engenharia Agr{\'\i}cola e Ambiental},
  volume={6},
  number={3},
  pages={404--408},
  year={2002},
  publisher={SciELO Brasil}
}

@article{de2006desempenho,
  title={Desempenho de um sistema de irriga{\c{c}}{\~a}o por gotejamento na cultura da goiaba},
  author={de Carvalho, Clayton Moura and Eloi, Waleska Martins and Lima, S{\'\i}lvio Carlos Ribeiro Vieira and Pereira, Janeide Maria Guedes},
  journal={Irriga},
  volume={11},
  number={1},
  year={2006}
}

@article{da2003viabilidade,
  title={Viabilidade t{\'e}cnico-econ{\^o}mica do uso do sistema de irriga{\c{c}}{\~a}o por gotejamento na cultura do cafeeiro.},
  author={da Silva, Adriana L and de Faria, Manoel A and Reis, Ricardo P},
  journal={Revista Brasileira de Engenharia Agr{\'\i}cola e Ambiental},
  volume={7},
  number={1},
  pages={37--44},
  year={2003},
  publisher={SciELO Brasil}
}

@article{de2009sistema,
  title={Sistema de suporte {\`a} decis{\~a}o para aloca{\c{c}}{\~a}o de {\'a}gua em projetos de irriga{\c{c}}{\~a}o},
  author={de Carvalho, Mirl{\'e}ia A and J{\'u}nior, Arisvaldo V M{\'e}llo and Schardong, Andr{\'e} and Porto, Rubem LL},
  journal={R. Bras. Eng. Agr{\'\i}c. Ambiental},
  volume={13},
  number={1},
  pages={10--17},
  year={2009},
  publisher={SciELO Brasil}
}

@phdthesis{de2001modelo,
  title={Modelo para a an{\'a}lise de risco econ{\^o}mico aplicado ao planejamento de projetos de irriga{\c{c}}{\~a}o para cultura do cafeeiro},
  author={de Souza, Jorge Luiz Moretti},
  year={2001},
  school={Universidade de S{\~a}o Paulo}
}

@article{de2006avaliaccao,
  title={Avalia{\c{c}}{\~a}o de sistemas de irriga{\c{c}}{\~a}o por gotejamento, utilizados na cafeicultura1},
  author={de Souza, Lu{\'\i}s OC and Mantovani, Everardo C and Soares, Antonio A and Ramos, M{\'a}rcio M and de Freitas, Paulo SL},
  journal={R. Bras. Eng. Agr{\'\i}c. Ambiental},
  volume={10},
  number={3},
  pages={541--548},
  year={2006},
  publisher={SciELO Brasil}
}

@article{da2011demanda,
  title={Demanda h{\'\i}drica e efici{\^e}ncia do uso de {\'a}gua da cana-de-a{\c{c}}{\'u}car irrigada no semi{\'a}rido brasileiro1},
  author={da Silva, Thieres GF and de Moura, Magna SB and Zolnier, S{\'e}rgio and Soares, Jos{\'e} M and Vieira, Vin{\'\i}cius J de S and Gomes Jr, Walter F},
  journal={R. Bras. Eng. Agr{\'\i}c. Ambiental},
  volume={15},
  number={12},
  pages={1257--1265},
  year={2011}
}

@article{konrad2002efeito,
  title={Efeito de sistemas de irriga{\c{c}}{\~a}o localizada sobre a produ{\c{c}}{\~a}o e qualidade da acerola (malpighia spp) na regi{\~a}o da Nova Alta Paulista},
  author={Konrad, Mauricio},
  year={2002},
  publisher={Universidade Estadual Paulista (UNESP)}
}

@article{cunha2009comparaccao,
  title={Compara{\c{c}}{\~a}o de equa{\c{c}}{\~o}es para c{\'a}lculo da uniformidade de aplica{\c{c}}{\~a}o de {\'a}gua para diferentes sistemas de irriga{\c{c}}{\~a}o},
  author={Cunha, FF and Alencar, CAB and Vicente, Marcelo Rossi and Batista, Rafael Oliveira and Souza, JAR},
  journal={Engenharia na agricultura},
  volume={17},
  number={5},
  year={2009}
}

@article{fochezatto2011efeitos,
  title={Efeitos da estiagem na economia do Rio Grande do Sul: uma abordagem multissetorial},
  author={Fochezatto, Adelar and Grando, Marin{\^e}s Zandavali},
  journal={Ensaios FEE},
  volume={32},
  number={1},
  year={2011}
}

@article{aguiar2005estiagem,
  title={Estiagem: como conviver com esse fen{\^o}meno},
  author={Aguiar, Raquel},
  journal={Extens{\~a}o Rural e},
  year={2005}
}

@article{de2011exclusao,
  title={A exclus{\~a}o de g{\^e}nero no programa brasileiro de combate aos efeitos da seca},
  author={de Melo, L{\'\i}gia Albuquerque},
  journal={Ci{\^e}ncia \& tr{\'o}pico},
  volume={30},
  number={1},
  year={2011}
}

@article{nascimento1999caracterizaccao,
  title={Caracteriza{\c{c}}{\~a}o hidr{\'a}ulica do microaspersor Rain-Bird Qn (-1) 4},
  author={Nascimento, T and Soares, JM and Azevedo, CAV de},
  journal={Revista Brasileira de Engenharia Agr{\'\i}cola e Ambiental},
  volume={3},
  number={1},
  year={1999}
}

@article{netto2000exigencias,
  title={Exig{\^e}ncias h{\'\i}dricas da videira na regi{\~a}o do subm{\'e}dio S{\~a}o Francisco},
  author={Netto, JA and Azevedo, PV and Silva, BB and Soares, JOS{\'E} MONTEIRO and Teixeira, AHC},
  journal={Pesquisa Agropecu{\'a}ria Brasileira, Bras{\'\i}lia},
  volume={35},
  number={8},
  pages={1559--1566},
  year={2000},
  publisher={SciELO Brasil}
}

@Unpublished{catalogotigre,
author = {Tigre S/A},
title = {OrientaÃ§Ãµes TÃ©cnicas sobre InstalaÃ§Ãµes de IrrigaÃ§Ã£o},
note = {IrrigaÃ§Ã£o Catalogo TÃ©cnico},
}

@Book{manualirrigacao2006,
ALTauthor = {Bernardo, S and Soares, AA and Mantovani, EC},
ALTeditor = {UFV},
title = {Manual de IrrigaÃ§Ã£o},
year = {2006},
OPTedition = {8Â°},

}