%bibliografia
@article{da2013analise,
  title={An{\'a}lise de sistemas de irriga{\c{c}}{\~a}o por aspers{\~a}o convencional no sul do estado do Esp{\'\i}rito Santo, Brasil. DOI: 10.7127/rbai. v5n300052},
  author={da Silva Martins, Camila Aparecida and dos Reis, Edvaldo Fialho and de Oliveira Garcia, Giovanni and Rigo, Michelle Machado and Araujo, Glaucio Luciano},
  journal={REVISTA BRASILEIRA DE AGRICULTURA IRRIGADA-RBAI},
  volume={5},
  number={3},
  year={2013}
}

 