%MEUS PADRÕES DE REFERENCIAS
%
%Artigos => Ultimo_Nome_Primeiro_Autor:Ano(aa)
%Conferencias(Sem Proceedings)=> Ultimo_Nome_Primeiro_Autor:Conferenc_Ano(aa)
%Inproceedings => Ultimo_Nome_Primeiro_Autor:Conferenc_Ano(aa)
%Teses e Dissertações => Ultimo_Nome_Autor:Universidade_Ano(aa)
%Books => Ultimo_Nome_Primeiro_Autor:Ano(aa)
%OBS: Mesmo autor  e ano => Ultimo_Nome_Primeiro_Autor_a:Ano(aa)
%

@BOOK{Oetiker:1995,
  AUTHOR =       {Tobias Oetiker and Hubert Partl and Irene Hyna and Elisabeth Schlegl},
  editor =       {},
  TITLE =        {Uma não tão pequena introdução ao LaTex},
  PUBLISHER =    {Free Software Foundation},
  YEAR =         {2007},
  volume =       {4.20.1},
  number =       {},
  series =       {},
  address =      {},
  edition =      {},
  month =        {Setembro},
  note =         {},
  abstract =     {},
  isbn =         {},
  price =        {},
  keywords =     {},
  source =       {},
}

@article{aquino2007resgate,
  title={Um resgate hist{\'o}rico do hipertexto},
  author={Aquino, Maria Clara},
  journal={Hipertexto},
  volume={21},
  pages={2},
  year={2007}
}

@article{deprincipios,
  title={Princ{\'\i}pios dos m{\'e}todos de conserva{\c{c}}{\~a}o de alimentos},
  author={de Azeredo, Henriette Monteiro Cordeiro and de Brito, Edy Sousa and Bruno, Laura Maria},
  journal={Alimentos},
  pages={129}
}

@article{sucupira2015perdas,
  title={Perdas vitam{\'\i}nicas durante o tratamento t{\'e}rmico de alimentos},
  author={Sucupira, Nat{\'a}lia Rocha and Xerez, Ana Caroline Pinheiro and de Sousa, Paulo Henrique Machado},
  journal={Journal of Health Sciences},
  volume={14},
  number={2},
  year={2015}
}

@article{lopes2007conservaccao,
  title={Conserva{\c{c}}{\~a}o de alimentos},
  author={Lopes, Regina L{\'u}cia Tinoco},
  journal={Dossi{\^e} Tecnico. Funda{\c{c}}{\~a}o Centro Tecnol{\'o}gico de Minas Gerais: CETEC},
  year={2007}
}

@article{conde2013tecnicas,
  title={T{\'E}CNICAS B{\'A}SICAS PARA PREPARO DE ALIMENTOS},
  author={Conde, Simara Rufatto and Dal Bosco, Simone Morelo},
  journal={Sa{\'u}de \&},
  year={2013}
}

@article{rodriguesinstruccao,
  title={INSTRU{\c{C}}{\~A}O NORMATIVA N{\textordmasculine} 25, DE 2 DE AGOSTO DE 2004},
  author={RODRIGUES, ROBERTO and MERCOSUL, STANDARD FITOSSANIT{\'A}RIO}
}

@article{faria2010innovations,
  title={Innovations In Package Systems For Heat Processed Food [inova{\c{c}}{\~o}es Sobre Sistemas De Embalagens Para Alimentos Processados Termicamente]},
  author={Faria, JAF and Tribst, AAL and others},
  journal={Boletim Centro de Pesquisa de Processamento de Alimentos},
  year={2010}
}

@article{de2016utilizaccao,
  title={Utiliza{\c{c}}{\~a}o de planejamento experimental no estudo da pasteuriza{\c{c}}{\~a}o do suco de acerola},
  author={de Araujo, Ana Paula Oliveira and de Carvalho Santos, Elizabeth Cristina and dos Santos Damasceno, Fabiolla and Deboni, Taiana Maria and Cuevas, Mait{\^e} Sarria and Mota, Rafael Vitti},
  journal={Scientia Plena},
  volume={12},
  number={6},
  year={2016}
}

@article{freitas2000conservaccao,
  title={Conserva{\c{c}}{\~a}o de alimentos},
  author={FREITAS, AL and Figueiredo, Paulo},
  journal={Livro de apoio a disciplina Concerva{\c{c}}{\~a}o de alimentos. Lisboa},
  year={2000}
}

@article{mayer2012produtividade,
  title={Produtividade de pessegueiros ‘Aurora-1’em diferentes espa{\c{c}}amentos e m{\'e}todos de propaga{\c{c}}{\~a}o do porta-enxerto ‘Okinawa’},
  author={Mayer, Newton Alex and Pereira, Fernando Mendes},
  journal={Bragantia},
  volume={71},
  number={03},
  pages={372--376},
  year={2012},
  publisher={SciELO Brasil}
}

@article{chagas2012concentraccoes,
  title={Concentra{\c{c}}{\~o}es de {\'a}cido indolbut{\'\i}rico na propaga{\c{c}}{\~a}o do umezeiro por alporquia},
  author={Chagas, Edvan Alves and Chagas, Pollyana Cardoso and Pio, Rafael and Neto, Jos{\'e} Em{\'\i}lio Bettiol},
  journal={Semina: Ci{\^e}ncias Agr{\'a}rias},
  volume={33},
  number={3},
  pages={1015--1020},
  year={2012}
}

@article{temperado2013propagaccao,
  title={Propaga{\c{c}}{\~a}o Vegetativa de Frut{\'\i}feras de Caro{\c{c}}o por Estacas Herb{\'a}ceas em Escala Comercial},
  author={Temperado, Embrapa Clima and Mayer, Newton Alex and Ueno, Bernardo and Fischer, Claudiomar and Migliorini, Luiz Carlos},
  year={2013}
}

@article{dias2014propagaccao,
  title={Propaga{\c{c}}{\~a}o assexuada de cerejeira ornamental (Prunus Serrulata Lindl.)},
  author={Dias, M{\'a}rcia Maria},
  year={2014},
  publisher={UNIVERSIDADE FEDERAL DE LAVRAS}
}

@article{reis2014propagaccao,
  title={Propaga{\c{c}}{\~a}o do pessegueiro em diferentes condi{\c{c}}{\~o}es},
  author={Reis, Janaine Myrna Rodrigues},
  year={2014},
  publisher={UNIVERSIDADE FEDERAL DE LAVRAS}
}

@article{lima1999uso,
  title={O uso da irriga{\c{c}}{\~a}o no Brasil},
  author={Lima, JEFW and Ferreira, Raquel Scalia Alves and Christofidis, Demetrios},
  journal={O estado das {\'a}guas no Brasil. Ag{\^e}ncia Nacional de Energia El{\'e}trica. CD-ROM},
  year={1999}
}

@article{conejo1993outorga,
  title={A outorga de usos da {\'a}gua como instrumento de gerenciamento dos recursos h{\'\i}dricos},
  author={Conejo, Jo{\~a}o Gilberto Lotufo},
  journal={Revista de Administra{\c{c}}{\~a}o P{\'u}blica},
  volume={27},
  number={2},
  pages={28--62},
  year={1993}
}

@article{torres2015conflitos,
  title={CONFLITOS PELO USO DA {\'A}GUA PARA A IRRIGA{\c{C}}{\~A}O, GERA{\c{C}}{\~A}O DE ENERGIA HIDROEL{\'E}TRICA E MANUTEN{\c{C}}{\~A}O DO ECOSSISTEMA AQU{\'A}TICO NO BAIXO TRECHO DO RIO S{\~A}O FRANCISCO},
  author={Torres, C{\'a}ssia Juliana Fernandes and Brambilla, Micol and Fontes, Andrea Sousa and Medeiros, Yvonilde Dantas Pinto},
  journal={Revista Gest{\~a}o \& Sustentabilidade Ambiental},
  volume={4},
  pages={195--210},
  year={2015}
}

@article{tucci2003cenarios,
  title={Cen{\'a}rios da gest{\~a}o da {\'a}gua no Brasil: uma contribui{\c{c}}{\~a}o para a “Vis{\~a}o Mundial da {\'A}gua”},
  author={Tucci, Carlos EM and Hespanhol, Ivanildo and Netto, Oscar de M Cordeiro},
  journal={Intera{\c{c}}{\~o}es},
  volume={1980},
  pages={90},
  year={2003}
}

@article{jackson2001water,
  title={Water in a changing world},
  author={Jackson, Robert B and Carpenter, Stephen R and Dahm, Clifford N and McKnight, Diane M and Naiman, Robert J and Postel, Sandra L and Running, Steven W},
  journal={Ecological applications},
  volume={11},
  number={4},
  pages={1027--1045},
  year={2001},
  publisher={Wiley Online Library}
}

@article{de2008desenvolvimento,
  title={Desenvolvimento de software e hardware para irriga{\c{c}}{\~a}o de precis{\~a}o usando piv{\^o} central},
  author={De Queiroz, TADEU M and Botrel, Tarlei A and Frizzone, Jos{\'e} A},
  journal={Revista Brasileira de Engenharia Agr{\'\i}cola e Ambiental},
  volume={28},
  number={1},
  pages={44--54},
  year={2008},
  publisher={SciELO Brasil}
}

@article{da2003viabilidade,
  title={Viabilidade t{\'e}cnico-econ{\^o}mica do uso do sistema de irriga{\c{c}}{\~a}o por gotejamento na cultura do cafeeiro.},
  author={da Silva, Adriana L and de Faria, Manoel A and Reis, Ricardo P},
  journal={Revista Brasileira de Engenharia Agr{\'\i}cola e Ambiental},
  volume={7},
  number={1},
  pages={37--44},
  year={2003},
  publisher={SciELO Brasil}
}

@article{de2009sistema,
  title={Sistema de suporte {\`a} decis{\~a}o para aloca{\c{c}}{\~a}o de {\'a}gua em projetos de irriga{\c{c}}{\~a}o},
  author={de Carvalho, Mirl{\'e}ia A and J{\'u}nior, Arisvaldo V M{\'e}llo and Schardong, Andr{\'e} and Porto, Rubem LL},
  journal={R. Bras. Eng. Agr{\'\i}c. Ambiental},
  volume={13},
  number={1},
  pages={10--17},
  year={2009},
  publisher={SciELO Brasil}
}

@phdthesis{de2001modelo,
  title={Modelo para a an{\'a}lise de risco econ{\^o}mico aplicado ao planejamento de projetos de irriga{\c{c}}{\~a}o para cultura do cafeeiro},
  author={de Souza, Jorge Luiz Moretti},
  year={2001},
  school={Universidade de S{\~a}o Paulo}
}

@article{de2006avaliaccao,
  title={Avalia{\c{c}}{\~a}o de sistemas de irriga{\c{c}}{\~a}o por gotejamento, utilizados na cafeicultura1},
  author={de Souza, Lu{\'\i}s OC and Mantovani, Everardo C and Soares, Antonio A and Ramos, M{\'a}rcio M and de Freitas, Paulo SL},
  journal={R. Bras. Eng. Agr{\'\i}c. Ambiental},
  volume={10},
  number={3},
  pages={541--548},
  year={2006},
  publisher={SciELO Brasil}
}

@article{da2011demanda,
  title={Demanda h{\'\i}drica e efici{\^e}ncia do uso de {\'a}gua da cana-de-a{\c{c}}{\'u}car irrigada no semi{\'a}rido brasileiro1},
  author={da Silva, Thieres GF and de Moura, Magna SB and Zolnier, S{\'e}rgio and Soares, Jos{\'e} M and Vieira, Vin{\'\i}cius J de S and Gomes Jr, Walter F},
  journal={R. Bras. Eng. Agr{\'\i}c. Ambiental},
  volume={15},
  number={12},
  pages={1257--1265},
  year={2011}
}

@article{konrad2002efeito,
  title={Efeito de sistemas de irriga{\c{c}}{\~a}o localizada sobre a produ{\c{c}}{\~a}o e qualidade da acerola (malpighia spp) na regi{\~a}o da Nova Alta Paulista},
  author={Konrad, Mauricio},
  year={2002},
  publisher={Universidade Estadual Paulista (UNESP)}
}

@article{cunha2009comparaccao,
  title={Compara{\c{c}}{\~a}o de equa{\c{c}}{\~o}es para c{\'a}lculo da uniformidade de aplica{\c{c}}{\~a}o de {\'a}gua para diferentes sistemas de irriga{\c{c}}{\~a}o},
  author={Cunha, FF and Alencar, CAB and Vicente, Marcelo Rossi and Batista, Rafael Oliveira and Souza, JAR},
  journal={Engenharia na agricultura},
  volume={17},
  number={5},
  year={2009}
}

@article{fochezatto2011efeitos,
  title={Efeitos da estiagem na economia do Rio Grande do Sul: uma abordagem multissetorial},
  author={Fochezatto, Adelar and Grando, Marin{\^e}s Zandavali},
  journal={Ensaios FEE},
  volume={32},
  number={1},
  year={2011}
}

@article{aguiar2005estiagem,
  title={Estiagem: como conviver com esse fen{\^o}meno},
  author={Aguiar, Raquel},
  journal={Extens{\~a}o Rural e},
  year={2005}
}

@article{de2011exclusao,
  title={A exclus{\~a}o de g{\^e}nero no programa brasileiro de combate aos efeitos da seca},
  author={de Melo, L{\'\i}gia Albuquerque},
  journal={Ci{\^e}ncia \& tr{\'o}pico},
  volume={30},
  number={1},
  year={2011}
}

@article{nascimento1999caracterizaccao,
  title={Caracteriza{\c{c}}{\~a}o hidr{\'a}ulica do microaspersor Rain-Bird Qn (-1) 4},
  author={Nascimento, T and Soares, JM and Azevedo, CAV de},
  journal={Revista Brasileira de Engenharia Agr{\'\i}cola e Ambiental},
  volume={3},
  number={1},
  year={1999}
}

@article{netto2000exigencias,
  title={Exig{\^e}ncias h{\'\i}dricas da videira na regi{\~a}o do subm{\'e}dio S{\~a}o Francisco},
  author={Netto, JA and Azevedo, PV and Silva, BB and Soares, JOS{\'E} MONTEIRO and Teixeira, AHC},
  journal={Pesquisa Agropecu{\'a}ria Brasileira, Bras{\'\i}lia},
  volume={35},
  number={8},
  pages={1559--1566},
  year={2000},
  publisher={SciELO Brasil}
}

@article{da2005avaliaccao,
  title={Avalia{\c{c}}{\~a}o de uniformidade em sistemas de irriga{\c{c}}{\~a}o localizada},
  author={da SILVA, C{\'e}sar Ant{\^o}nio and da SILVA, C{\'\i}cero Jos{\'e}},
  year={2005}
}

@article{de2000desempenho,
  title={Desempenho de um sistema de irriga{\c{c}}{\~a}o por microaspers{\~a}o, instalado a n{\'\i}vel de campo.},
  author={de Almeida Barreto Filho, Ant{\^o}nio and Neto, Jos{\'e} Dantas and de Matos, Jose Arimat{\'e}ia and MarianoGomes, Everaldo},
  journal={Rev. bras. eng. agr{\'\i}c. ambient.},
  volume={4},
  number={3},
  year={2000}
}

@article{ribeiro2008microaspersores,
  title={Microaspersores entupidos devido a problemas de ferro na {\'a}gua},
  author={Ribeiro, T{\'u}lio Assun{\c{c}}{\~a}o Pires and Paterniani, Jos{\'e} Euclides Stipp},
  journal={Ciencia rural},
  volume={38},
  number={5},
  pages={1456--1459},
  year={2008},
  publisher={Universidade Federal de Santa Maria}
}

@inproceedings{sousa1998uniformidade,
  title={Uniformidade de emiss{\~a}o de {\'a}gua em um sistema de irriga{\c{c}}{\~a}o por microaspers{\~a}o instalado numa {\'a}rea cultivada com banana},
  author={SOUSA, VF de and FOLEGATTI, MV and ARAG{\~A}O, EC and REBELO, ALF and BASTOS, EA},
  booktitle={CONGRESSO BRASILEIRO DE ENGENHARIA AGR{\'I}COLA},
  volume={27},
  pages={211--213},
  year={1998}
}

@article{levien2014avaliaccao,
  title={Avalia{\c{c}}{\~a}o de emissores de baixo custo de irriga{\c{c}}{\~a}o localizada submetidos {\`a} baixa press{\~a}o},
  author={Levien, S{\'e}rgio Luiz Aguilar and Pachico, Italo Wigliff Leite},
  journal={Irriga},
  volume={1},
  number={1},
  pages={55},
  year={2014}
}

@article{woltering2011african,
  title={The African market garden: The development of a low-pressure drip irrigation system for smallholders in the sudano sahel},
  author={Woltering, Lennart and Pasternak, Dov and Ndjeunga, Jupiter},
  journal={Irrigation and Drainage},
  volume={60},
  number={5},
  pages={613--621},
  year={2011},
  publisher={Wiley Online Library}
}

@article{molden1990performance,
  title={Performance measures for evaluation of irrigation-water-delivery systems},
  author={Molden, David J and Gates, Timothy K},
  journal={Journal of irrigation and drainage engineering},
  volume={116},
  number={6},
  pages={804--823},
  year={1990},
  publisher={American Society of Civil Engineers}
}

@article{dias1999hipertexto,
  title={Hipertexto: evolu{\c{c}}{\~a}o hist{\'o}rica e efeitos sociais},
  author={Dias, Cl{\'a}udia Augusto},
  journal={Ci. Inf},
  volume={28},
  number={3},
  pages={269--277},
  year={1999},
  publisher={SciELO Brasil}
}

@inproceedings{caporal2001agroecologia,
  title={Agroecologia e sustentabilidade. Base conceptual para uma nova Extens{\~a}o Rural},
  author={Caporal, Francisco Roberto and Costabeber, Jos{\'e} Ant{\^o}nio},
  booktitle={WORLD CONGRESS OF RURAL SOCIOLOGY},
  volume={10},
  pages={114--123},
  year={2001}
}

@article{de2016manejo,
  title={Manejo de a{\c{c}}aizais de grotas.},
  author={de QUEIROZ, JAL and MOCHIUTTI, S and SANTOS, J de A},
  journal={Embrapa Amap{\'a}-Comunicado T{\'e}cnico (INFOTECA-E)},
  year={2016},
  publisher={Macap{\'a}: Embrapa Amap{\'a}, 2015.}
}

@article{da2013analise,
  title={An{\'a}lise de sistemas de irriga{\c{c}}{\~a}o por aspers{\~a}o convencional no sul do estado do Esp{\'\i}rito Santo, Brasil. DOI: 10.7127/rbai. v5n300052},
  author={da Silva Martins, Camila Aparecida and dos Reis, Edvaldo Fialho and de Oliveira Garcia, Giovanni and Rigo, Michelle Machado and Araujo, Glaucio Luciano},
  journal={REVISTA BRASILEIRA DE AGRICULTURA IRRIGADA-RBAI},
  volume={5},
  number={3},
  year={2013}
}

@article{ribeiro2014pedologia,
  title={A pedologia e o planejamento da irriga{\c{c}}{\~a}o no Nordeste do Brasil: uma avalia{\c{c}}{\~a}o cr{\'\i}tica},
  author={Ribeiro, Mateus Rosas},
  journal={Anais da Academia Pernambucana de Ci{\^e}ncia Agron{\^o}mica},
  volume={4},
  pages={83--88},
  year={2014}
}

@article{urchei2000analise,
  title={An{\'a}lise de crescimento de duas cultivares de feijoeiro sob irriga{\c{c}}{\~a}o, em plantio direto e preparo convencional},
  author={Urchei, M{\'a}rio Artemio and Rodrigues, Joao Domingos and Stone, Lu{\'\i}s Fernando},
  journal={Pesquisa Agropecu{\'a}ria Brasileira},
  volume={35},
  number={3},
  pages={497--506},
  year={2000},
  publisher={SciELO Brasil}
}

@article{paz2002otimizaccao,
  title={Otimiza{\c{c}}{\~a}o do uso da {\'a}gua em sistemas de irriga{\c{c}}{\~a}o por aspers{\~a}o},
  author={Paz, Vital P da S and Frizzone, Jos{\'e} A and Botrel, Tarlei A and Folegatti, Marcos V},
  journal={Revista Brasileira de Engenharia Agr{\'\i}cola e Ambiental},
  volume={6},
  number={3},
  pages={404--408},
  year={2002},
  publisher={SciELO Brasil}
}

@article{de2006desempenho,
  title={Desempenho de um sistema de irriga{\c{c}}{\~a}o por gotejamento na cultura da goiaba},
  author={de Carvalho, Clayton Moura and Eloi, Waleska Martins and Lima, S{\'\i}lvio Carlos Ribeiro Vieira and Pereira, Janeide Maria Guedes},
  journal={Irriga},
  volume={11},
  number={1},
  year={2006}
}

@article{sanches2013tifton,
  title={Produção de Capim Tifton 85 com e sem Irrigação com Sobressemeadura de Aveia},
  author={Sanches, A.C. and Gomes, E.P. and Fasolin, J.P.  and Soares, M. and Friske, E. and Sapia, J.G. and Rickli, M.E. and Dias, D.K.U.},
  journal={CONIRD - Congresso Nacional de Irrigação e Drenagem},
  volume={XXIII},
  year={2013}
}

@article{sanches2013girassol,
  title={Balanço Energético do Girassol Safra Verão Irrigado},
  author={Sanches, A.C. and Gomes, E.P. and Jordan, R.A. and Biscaro, G. A. and Geisenhoff, L. O. and Santos, S and Oliveira, F. C. and Tenfen, J. R.},
  journal={CONIRD - Congresso Nacional de Irrigação e Drenagem},
  volume={XXIII},
  year={2013}
}

@misc{ana2015,
author = {Agencia Nacional de Água - ANA},
title = {Conjuntura de Recursos Hidricos no Brasil},
institution = {Agencia Nacional de Água},
year = {2015},
}

@Book{bernardo2006,
author = {Berndardo, Salassier and Soares, Antonio Alves and Mantovani, Everardo Chartuni},
title = {Manual de Irrigação},
year = {2006},
OPTedition = {8},
}
@Book{azevedonetto2015,
author = {Netto, José Martiniano de Azevedo and Fernàndez, Miguel Fernàndez Y},
editor = {Blucher},
title = {Manual de Hidráulica},
year = {2015},
edition = {9ª},
}

@Unpublished{carvalhosilva2006,
author = {Carvalho, Daniel Fonseca de and Silva, Leonardo Duarte Batista da },
title = {Hidrologia},
note = {Apostila desenvolvida para a disciplina de Hidrilogia da UFRRJ},
year = {2006},
}

